@preamble{ " \newcommand{\noop}[1]{} " } % a do-nothing command that serves a purpose for producing "in press/forthcoming" in yearfield 

@article{Boumans_Trilling_2016,
    author = {Jelle W. Boumans and Damian Trilling},
    title = {Taking Stock of the Toolkit: {A}n overview of relevant automated content analysis approaches and techniques for digital journalism scholars},
    journal = {Digital Journalism},
    volume = {4},
    number = {1},
    pages = {8--23},
    year  = {2016},
    publisher = {Routledge},
    doi = {10.1080/21670811.2015.1096598}
}
@article{de2013bits,
    title = {Bits versus brains in content analysis: {C}omparing the advantages and disadvantages of manual and automated methods for content analysis},
    author={De Graaf, Rutger and van der Vossen, Robert},
    journal = {Communications: The European Journal of Communication Research},
    year={2013},
    volume = {38},
    number = {4},
    pages = {433--443},
    publisher = {De Gruyter},
    doi = {10.1515/commun-2013-0025}
}
@article{grimmer2013text,
    title={Text as data: {T}he promise and pitfalls of automatic content analysis methods for political texts},
    author={Grimmer, Justin and Stewart, Brandon M},
    journal={Political Analysis},
    volume={21},
    number={3},
    pages={267--297},
    year={2013},
    publisher={Cambridge University Press}
}
@article{lowe2013validating,
    title={Validating estimates of latent traits from textual data using human judgment as a benchmark},
    author={Lowe, Will and Benoit, Kenneth},
    journal={Political Analysis},
    volume={21},
    number={3},
    pages={298--313},
    year={2013},
    publisher={Cambridge University Press}
}
@article{krippendorff2004reliability,
    title={Reliability in content analysis: {S}ome common misconceptions and recommendations},
    author={Krippendorff, Klaus},
    journal={Human Communication Research},
    volume={30},
    number={3},
    pages={411--433},
    year={2004},
    publisher={Wiley Online Library}
}
@article{hayes2007answering,
    title={Answering the call for a standard reliability measure for coding data},
    author={Hayes, Andrew F and Krippendorff, Klaus},
    journal={Communication Methods and Measures},
    volume={1},
    number={1},
    pages={77--89},
    year={2007},
    publisher={Taylor \& Francis}
}
@article{lombard2002content,
    title={Content analysis in mass communication: {A}ssessment and reporting of intercoder reliability},
    author={Lombard, Matthew and Snyder-Duch, Jennifer and Bracken, Cheryl Campanella},
    journal={Human Communication Research},
    volume={28},
    number={4},
    pages={587--604},
    year={2002},
    publisher={Wiley Online Library}
}
@article{ennser2018impact,
    title={The Impact of Party Cues on Manual Coding of Political Texts},
    author={Ennser-Jedenastik, Laurenz and Meyer, Thomas M},
    journal={Political Science Research and Methods},
    volume={6},
    number={3},
    pages={625--633},
    year={2018},
    publisher={Cambridge University Press}
}
@article{trilling2018scaling,
    title={Scaling up Content Analysis},
    author={Trilling, Damian and Jonkman, Jeroen GF},
    journal={Communication Methods and Measures},
    volume={12},
    number={2-3},
    pages={158--174},
    year={2018},
    publisher={Taylor \& Francis}
}
@article{maier2018applying,
    title={Applying LDA topic modeling in communication research: {T}oward a valid and reliable methodology},
    author={Maier, Daniel and Waldherr, Annie and Miltner, Peter and Wiedemann, Gregor and Niekler, Andreas and Keinert, Alexa and Pfetsch, Barbara and Heyer, Gerhard and Reber, Ueli and H{\"a}ussler, Thomas and others},
    journal={Communication Methods and Measures},
    volume={12},
    number={2-3},
    pages={93--118},
    year={2018},
    publisher={Taylor \& Francis}
}
@article{dimaggio2013exploiting,
    title={Exploiting affinities between topic modeling and the sociological perspective on culture: {A}pplication to newspaper coverage of US government arts funding},
    author={DiMaggio, Paul and Nag, Manish and Blei, David},
    journal={Poetics},
    volume={41},
    number={6},
    pages={570--606},
    year={2013},
    publisher={Elsevier}
}
@article{Loes2018mediated,
    author = {Loes Aaldering and Tom van der Meer and Wouter Van der Brug},
    title ={Mediated Leader Effects: {T}he Impact of Newspapers’ Portrayal of Party Leadership on Electoral Support},
    journal = {The International Journal of Press/Politics},
    volume = {23},
    number = {1},
    pages = {70-94},
    year = {2018},
    doi = {10.1177/1940161217740696}
}
@Article{Aaldering2016,
    author = {Aaldering, Loes and Vliegenthart, Rens},
    title = {Political leaders and the media: {C}an we measure political leadership images in newspapers using computer-assisted content analysis?},
    journal = {Quality {\&} Quantity},
    year = {2016},
    volume = {50},
    number = {5},
    pages = {1871--1905},
    doi = {10.1007/s11135-015-0242-9}
}
@article{Soroka2018CR,
    author = {Stuart Soroka and Mark Daku and Dan Hiaeshutter-Rice and Lauren Guggenheim and Josh Pasek},
    title ={Negativity and Positivity Biases in Economic News Coverage: {T}raditional Versus Social Media},
    journal = {Communication Research},
    volume = {45},
    number = {7},
    pages = {1078-1098},
    year = {2018},
    doi = {10.1177/0093650217725870}
}
@article{YoungSoroka2012,
    author = {Lori Young and Stuart Soroka},
    title = {Affective News: {T}he Automated Coding of Sentiment in Political Texts},
    journal = {Political Communication},
    volume = {29},
    number = {2},
    pages = {205-231},
    year  = {2012},
    doi = {10.1080/10584609.2012.671234}
}
@article{boomgaaden2009,
    author = {Boomgaarden, Hajo G. and Vliegenthart, Rens},
    title = {How news content influences anti-immigration attitudes: {G}ermany, 1993–2005},
    journal = {European Journal of Political Research},
    year = {2009},
    volume = {48},
    number = {4},
    pages = {516--542},
    doi = {10.1111/j.1475-6765.2009.01831.x}
}
@article{Wouter2008News,
    author = {Wouter van Atteveldt and Jan Kleinnijenhuis and Nel Ruigrok and Stefan Schlobach},
    title = {Good News or Bad News? {C}onducting Sentiment Analysis on Dutch Text to Distinguish Between Positive and Negative Relations},
    journal = {Journal of Information Technology \& Politics},
    volume = {5},
    number = {1},
    pages = {73-94},
    year  = {2008},
    publisher = {Routledge},
    doi = {10.1080/19331680802154145}
}
@article{burscher2015using,
    title={Using supervised machine learning to code policy issues: {C}an classifiers generalize across contexts?},
    author={Burscher, Bjorn and Vliegenthart, Rens and De Vreese, Claes H},
    journal={The ANNALS of the American Academy of Political and Social Science},
    volume={659},
    number={1},
    pages={122--131},
    year={2015},
    publisher={SAGE Publications Sage CA: Los Angeles, CA}
}
@article{burscher2014teaching,
    title={Teaching the computer to code frames in news: {C}omparing two supervised machine learning approaches to frame analysis},
    author={Burscher, Bj{\"o}rn and Odijk, Daan and Vliegenthart, Rens and De Rijke, Maarten and De Vreese, Claes H},
    journal={Communication Methods and Measures},
    volume={8},
    number={3},
    pages={190--206},
    year={2014},
    publisher={Taylor \& Francis}
}
@article{scharkow2013thematic,
    title={Thematic content analysis using supervised machine learning: {A}n empirical evaluation using German online news},
    author={Scharkow, Michael},
    journal={Quality \& Quantity},
    volume={47},
    number={2},
    pages={761--773},
    year={2013},
    publisher={Springer}
}
@article{gonzalez2015signals,
    title={Signals of public opinion in online communication: {A} comparison of methods and data sources},
    author={Gonz{\'a}lez-Bail{\'o}n, Sandra and Paltoglou, Georgios},
    journal={The ANNALS of the American Academy of Political and Social Science},
    volume={659},
    number={1},
    pages={95--107},
    year={2015},
    publisher={SAGE Publications Sage CA: Los Angeles, CA}
}
@article{Hopkins_King2010,
    author = {Hopkins, Daniel J. and King, Gary},
    title = {A Method of Automated Nonparametric Content Analysis for Social Science},
    journal = {American Journal of Political Science},
    year = {2010},
    volume = {54},
    number = {1},
    pages = {229-247},
    doi = {10.1111/j.1540-5907.2009.00428.x}
}
@incollection{popping1997computer,
    title = {Computer programs for the analysis of texts and transcripts},
    author = {Popping, Roel},
    editor = {Carl W. Roberts},
    booktitle = {Text Analysis for the Social Sciences: {M}ethods for Drawing Statistical Inferences from Texts and Transcripts},
    pages = {209--221},
    year = {1997},
    publisher = {Mahwah, NJ: Lawrence Erlbaum Associates}
}
@incollection{carley1990content,
    title={Content analysis},
    author={Carley, Kathleen},
    year={1990},
    editor = {Robert E Asher and James M Y Simpson},
    booktitle = {The encyclopedia of language and linguistics},
    pages = {725--730},
    publisher={Edinburgh: Pergamon Press}
}
@book{Krippendorff2013,
    title = {Content analysis: {A}n introduction to its methodology},
    author = {Klaus Krippendorff},
    year = {2013},
    publisher = {Sage},
    address = {Thousand Oaks, CA},
    edition = {3}
}
@article{Rooduijn2011,
    author = {Matthijs   Rooduijn  and  Teun   Pauwels },
    title = {Measuring Populism: {C}omparing Two Methods of Content Analysis},
    journal = {West European Politics},
    volume = {34},
    number = {6},
    pages = {1272-1283},
    year  = {2011},
    doi = {10.1080/01402382.2011.616665}
}
@article{haselmayer2017sentiment,
  title={Sentiment analysis of political communication: {C}ombining a dictionary approach with crowdcoding},
  author={Haselmayer, Martin and Jenny, Marcelo},
  journal={Quality \& Quantity},
  volume={51},
  number={6},
  pages={2623--2646},
  year={2017},
  publisher={Springer}
}
@article{lind2017content,
  title={Content analysis by the crowd: {A}ssessing the usability of crowdsourcing for coding latent constructs},
  author={Lind, Fabienne and Gruber, Maria and Boomgaarden, Hajo G},
  journal={Communication Methods and Measures},
  volume={11},
  number={3},
  pages={191--209},
  year={2017},
  publisher={Taylor \& Francis}
}
@article{Neunhoeffer2018,
  title = {How Cross-Validation Can Go Wrong and What to Do About it},
  author = {Neunhoeffer, Marcel and Sternberg, Sebastian},
  journal = {Political Analysis},
  volume={},
  number={},
  pages={1--28},
  year={2018},
  pubstatus = {Forthcoming},
  Url = {http://www.marcel-neunhoeffer.com/pdf/papers/pa_cross-validation.pdf}
}
@article{aroyo2015truth,
  title={Truth is a lie: {C}rowd truth and the seven myths of human annotation},
  author={Aroyo, Lora and Welty, Chris},
  journal={AI Magazine},
  volume={36},
  number={1},
  pages={15--24},
  year={2015}
}
@article{lewis2013content,
  title={Content analysis in an era of big data: {A} hybrid approach to computational and manual methods},
  author={Lewis, Seth C and Zamith, Rodrigo and Hermida, Alfred},
  journal={Journal of Broadcasting \& Electronic Media},
  volume={57},
  number={1},
  pages={34--52},
  year={2013},
  publisher={Taylor \& Francis}
}
@article{dimaggio2015adapting,
  title={Adapting computational text analysis to social science (and vice versa)},
  author={DiMaggio, Paul},
  journal={Big Data \& Society},
  volume={2},
  number={2},
  pages={2053951715602908},
  year={2015},
  publisher={SAGE Publications Sage UK: London, England}
}
@book{riff2014analyzing,
  title={Analyzing media messages: {U}sing quantitative content analysis in research},
  author={Riff, Daniel and Lacy, Stephen and Fico, Frederick},
  year={2014},
  publisher={New York: Routledge},
}
@article{scharkow2017measurement,
  title={How measurement error in content analysis and self-reported media use leads to minimal media effect findings in linkage analyses: {A} simulation study},
  author={Scharkow, Michael and Bachl, Marko},
  journal={Political Communication},
  volume={34},
  number={3},
  pages={323--343},
  year={2017},
  publisher={Taylor \& Francis}
}
@article{stephenson2003monte,
  title={A Monte Carlo simulation of observable versus latent variable structural equation modeling techniques},
  author={Stephenson, Michael T and Holbert, R Lance},
  journal={Communication Research},
  volume={30},
  number={3},
  pages={332--354},
  year={2003},
  publisher={Sage Publications}
}
@article{hindman2015building,
  title={Building better models: {P}rediction, replication, and machine learning in the social sciences},
  author={Hindman, Matthew},
  journal={The ANNALS of the American Academy of Political and Social Science},
  volume={659},
  number={1},
  pages={48--62},
  year={2015},
  publisher={SAGE Publications Sage CA: Los Angeles, CA}
}
@incollection{Krippendorff2008validity,
    author = {Krippendorff, Klaus},
    editor = {Wolfgang Donsbach},
    publisher = {Hoboken, NJ: Blackwell Publishing},
    title = {Validity},
    booktitle = {The International Encyclopedia of Communication},
    url = {http://doi.org/10.1002/9781405186407.wbiecv001},
    doi = {10.1002/9781405186407.wbiecv001},
    year = {2008}
}
@misc{grimmer2018unreliability,
  title={The unreliability of measures of intercoder reliability, and what to do about it},
  author={Grimmer, Justin and King, Gary and Superti, Chiara},
  year={2018},
  url = {http://web.stanford.edu/~jgrimmer/Handbib.pdf}
}

@article{leemann2017extending,
  title={Extending the use and prediction precision of subnational public opinion estimation},
  author={Leemann, Lucas and Wasserfallen, Fabio},
  journal={American Journal of Political Science},
  volume={61},
  number={4},
  pages={1003--1022},
  year={2017},
  publisher={Wiley Online Library}
}
@article{muddiman2018re,
  title={(Re) Claiming Our Expertise: {P}arsing Large Text Corpora With Manually Validated and Organic Dictionaries},
  author={Muddiman, Ashley and McGregor, Shannon C and Stroud, Natalie Jomini},
  journal={Political Communication},
  pages={1--13},
  year={2018},
  publisher={Taylor \& Francis}
}